@misc{ref,
    author = {Author},
    title  = {Title},
    url    = {https://www.google.com/},
    year   = 1987
}
